<record xmlns="http://www.loc.gov/MARC21/slim" xmlns:xsi="http://www.w3.org/2001/XMLSchema-instance" xsi:schemaLocation="http://www.loc.gov/MARC21/slim http://www.loc.gov/standards/marcxml/schema/MARC21slim.xsd"><leader>00543cz   2200181n  4500</leader><controlfield tag="001">oca00740685 </controlfield><controlfield tag="005">19960913093604.4</controlfield><controlfield tag="008">820429n| acannaab|          |a aaa      </controlfield><datafield ind1=" " ind2=" " tag="010"><subfield code="a">n  82043687 </subfield></datafield><datafield ind1=" " ind2=" " tag="040"><subfield code="a">DLC</subfield><subfield code="c">DLC</subfield><subfield code="d">NN</subfield><subfield code="d">DLC</subfield></datafield><datafield ind1="1" ind2=" " tag="100"><subfield code="a">Justinus, Marcus Junianus</subfield></datafield><datafield ind1="0" ind2=" " tag="400"><subfield code="a">Giustino</subfield></datafield><datafield ind1="1" ind2=" " tag="400"><subfield code="a">Giustino, Marco Giuniano</subfield></datafield><datafield ind1="1" ind2=" " tag="400"><subfield code="a">Giustino, Marco Giunianio</subfield></datafield><datafield ind1="0" ind2=" " tag="400"><subfield code="a">Iustin</subfield></datafield><datafield ind1="0" ind2=" " tag="500"><subfield code="a">Justin</subfield></datafield><datafield ind1=" " ind2=" " tag="670"><subfield code="a">His Storie filippiche, 1981:</subfield><subfield code="b">t.p. (Giustino)</subfield></datafield><datafield ind1=" " ind2=" " tag="670"><subfield code="a">His Iustin vray hystoriographe, sur les hystoires de Troge Pompee, 1540.</subfield></datafield></record>